@ONLINE {wikipedia2017rfid,
    author = "Wikipedia",
    title  = "Radio-frequency identification",
    month  = "nov",
    year   = "2017",
    url    = {https://en.wikipedia.org/wiki/Radio-frequency_identification}
}

@ONLINE {wikipedia2017msp430,
    author = "Wikipedia",
    title  = "TI MSP430",
    month  = "nov",
    year   = "2017",
    url    = {https://en.wikipedia.org/wiki/TI_MSP430}
}

@ONLINE {epcglobal2013,
    author = "EPCglobal",
    title  = {EPC\texttrademark Radio-Frequency Identity Protocols Generation-2 UHF RFID},
    month  = "nov",
    year   = "2013",
    url    = {https://www.gs1.org/sites/default/files/docs/epc/uhfc1g2_2_0_0_standard_20131101.pdf}
}

@article{bakhtiari1995cryptographic,
  title={Cryptographic hash functions: A survey},
  author={Bakhtiari, Shahram and Safavi-Naini, Reihaneh and Pieprzyk, Josef and others},
  journal={Centre for Computer Security Research, Department of Computer Science, University of Wollongong, Australie},
  year={1995}
}

@inproceedings{muller2004md2,
  title={The MD2 Hash Function Is Not One-Way.},
  author={Muller, Fr{\'e}d{\'e}ric},
  booktitle={Asiacrypt},
  volume={3329},
  pages={214--229},
  year={2004},
  organization={Springer}
}

@inproceedings{leurent2008md4,
  title={MD4 is not one-way},
  author={Leurent, Ga{\"e}tan},
  booktitle={Fast Software Encryption},
  pages={412--428},
  year={2008},
  organization={Springer}
}

@article{hawkes2004musings,
  title={Musings on the Wang et al. MD5 Collision.},
  author={Hawkes, Philip and Paddon, Michael and Rose, Gregory G},
  journal={IACR Cryptology ePrint Archive},
  volume={2004},
  pages={264},
  year={2004}
}

@article{xie2013fast,
  title={Fast Collision Attack on MD5.},
  author={Xie, Tao and Liu, Fanbao and Feng, Dengguo},
  journal={IACR Cryptology ePrint Archive},
  volume={2013},
  pages={170},
  year={2013}
}

@inproceedings{wang2005finding,
  title={Finding collisions in the full SHA-1},
  author={Wang, Xiaoyun and Yin, Yiqun Lisa and Yu, Hongbo},
  booktitle={Crypto},
  volume={3621},
  pages={17--36},
  year={2005},
  organization={Springer}
}

@article{dini1999generation,
  title={Generation of optimized assembly sequences using genetic algorithms},
  author={Dini, G and Failli, F and Lazzerini, B and Marcelloni, F},
  journal={CIRP Annals-Manufacturing Technology},
  volume={48},
  number={1},
  pages={17--20},
  year={1999},
  publisher={Elsevier}
}

@article{haq2006hybrid,
  title={A hybrid genetic algorithm approach to mixed-model assembly line balancing},
  author={Haq, A Noorul and Rengarajan, K and Jayaprakash, J},
  journal={The International Journal of Advanced Manufacturing Technology},
  volume={28},
  number={3-4},
  pages={337--341},
  year={2006},
  publisher={Springer}
}
